Trd, 000015.217, 365
Trd, 000015.267, 364
Trd, 000015.433, 326
Trd, 000016.200, 315
Trd, 000016.283, 314
Trd, 000016.433, 315
Trd, 000016.567, 314
Trd, 000016.783, 314
Trd, 000016.950, 314
Trd, 000017.000, 316
Trd, 000017.083, 313
Trd, 000017.583, 314
Trd, 000017.683, 314
Trd, 000017.900, 320
Trd, 000018.750, 316
Trd, 000018.933, 326
Trd, 000020.117, 316
Trd, 000022.667, 328
Trd, 000025.300, 318
Trd, 000030.217, 322
Trd, 000030.400, 321
Trd, 000030.583, 332
Trd, 000030.633, 332
Trd, 000030.717, 344
Trd, 000030.933, 334
Trd, 000030.950, 332
Trd, 000031.000, 340
Trd, 000031.033, 352
Trd, 000031.283, 341
Trd, 000031.483, 340
Trd, 000031.633, 341
Trd, 000031.717, 340
Trd, 000031.767, 339
Trd, 000032.867, 349
Trd, 000033.167, 350
Trd, 000034.000, 349
Trd, 000035.417, 345
Trd, 000036.350, 341
Trd, 000036.900, 341
Trd, 000042.400, 342
Trd, 000043.800, 338
Trd, 000045.233, 339
Trd, 000045.333, 346
Trd, 000045.700, 339
Trd, 000045.733, 338
Trd, 000046.133, 340
Trd, 000046.183, 342
Trd, 000046.233, 341
Trd, 000046.483, 340
Trd, 000046.517, 340
Trd, 000046.733, 340
Trd, 000046.767, 339
Trd, 000047.267, 338
Trd, 000047.333, 340
Trd, 000047.500, 333
Trd, 000047.550, 340
Trd, 000048.350, 329.0
Trd, 000049.400, 331.0
Trd, 000049.567, 337
Trd, 000049.967, 330.0
Trd, 000052.483, 335
Trd, 000053.483, 331
Trd, 000060.217, 358
Trd, 000060.317, 319
Trd, 000060.700, 340
Trd, 000061.000, 339
Trd, 000061.067, 339
Trd, 000061.100, 340
Trd, 000061.200, 338
Trd, 000061.567, 338
Trd, 000061.650, 338
Trd, 000061.767, 338.0
Trd, 000061.867, 337
Trd, 000062.333, 336
Trd, 000062.417, 338.0
Trd, 000062.967, 336
Trd, 000063.650, 337
Trd, 000063.767, 336
Trd, 000064.083, 335
Trd, 000065.300, 337
Trd, 000069.183, 335
Trd, 000069.783, 333
Trd, 000075.333, 333
Trd, 000075.467, 331
Trd, 000075.483, 333
Trd, 000075.667, 331
Trd, 000075.750, 330
Trd, 000075.767, 330
Trd, 000075.883, 332
Trd, 000075.967, 331
Trd, 000076.217, 331
Trd, 000076.500, 331
Trd, 000076.883, 332
Trd, 000076.917, 333
Trd, 000077.367, 332
Trd, 000077.633, 332.0
Trd, 000077.683, 331
Trd, 000078.317, 332
Trd, 000080.400, 332
Trd, 000081.000, 333.0
Trd, 000081.300, 333
Trd, 000081.483, 332
Trd, 000085.500, 344.0
Trd, 000086.583, 339
Trd, 000088.500, 357
Trd, 000090.617, 336
Trd, 000090.700, 333
Trd, 000090.833, 335
Trd, 000091.250, 335
Trd, 000091.283, 330
Trd, 000091.483, 332
Trd, 000091.533, 334
Trd, 000091.600, 334
Trd, 000091.783, 333
Trd, 000091.850, 332
Trd, 000092.050, 333
Trd, 000092.217, 334
Trd, 000092.733, 332
Trd, 000092.950, 332.0
Trd, 000092.967, 333
Trd, 000094.500, 336.0
Trd, 000094.700, 340.0
Trd, 000094.750, 353
Trd, 000096.067, 338
Trd, 000096.133, 334
Trd, 000096.550, 355
Trd, 000096.583, 351
Trd, 000097.283, 334
Trd, 000099.450, 330
Trd, 000105.617, 333
Trd, 000105.650, 338
Trd, 000105.767, 233
Trd, 000105.850, 282
Trd, 000105.983, 294.0
Trd, 000106.150, 280
Trd, 000106.200, 313
Trd, 000106.617, 313
Trd, 000106.867, 313
Trd, 000106.950, 314.0
Trd, 000107.083, 315.0
Trd, 000107.183, 313
Trd, 000107.483, 313
Trd, 000107.617, 313
Trd, 000107.850, 314
Trd, 000107.983, 314
Trd, 000108.150, 333
Trd, 000110.067, 328
Trd, 000110.733, 335.0
Trd, 000112.117, 334
Trd, 000117.933, 334
Trd, 000118.200, 333
Trd, 000120.433, 326
Trd, 000120.517, 326
Trd, 000120.567, 331
Trd, 000120.700, 329
Trd, 000120.833, 329
Trd, 000120.900, 331
Trd, 000121.017, 332
Trd, 000121.067, 331
Trd, 000121.600, 331
Trd, 000122.300, 333
Trd, 000122.317, 332
Trd, 000122.400, 334
Trd, 000122.483, 331
Trd, 000123.333, 332
Trd, 000123.900, 331
Trd, 000124.067, 331
Trd, 000124.600, 332
Trd, 000125.717, 331
Trd, 000126.333, 330
Trd, 000129.183, 336.0
Trd, 000135.467, 336
Trd, 000135.500, 331
Trd, 000135.950, 336.0
Trd, 000136.300, 336
Trd, 000136.467, 337.0
Trd, 000136.500, 336
Trd, 000136.733, 335
Trd, 000136.983, 335
Trd, 000137.283, 334
Trd, 000137.683, 334
Trd, 000137.700, 334
Trd, 000138.167, 333
Trd, 000138.217, 332
Trd, 000138.567, 332
Trd, 000138.617, 331
Trd, 000139.033, 329
Trd, 000139.050, 328.0
Trd, 000139.567, 330
Trd, 000141.833, 331
Trd, 000143.133, 332
Trd, 000144.317, 331
Trd, 000146.200, 342.0
Trd, 000150.633, 331
Trd, 000150.667, 331
Trd, 000150.750, 332
Trd, 000150.800, 331
Trd, 000150.933, 329
Trd, 000151.433, 331
Trd, 000151.517, 332.0
Trd, 000151.733, 330
Trd, 000151.767, 330
Trd, 000151.783, 331
Trd, 000152.017, 331
Trd, 000152.217, 329
Trd, 000152.333, 332
Trd, 000152.500, 329
Trd, 000152.783, 332
Trd, 000153.133, 333
Trd, 000155.700, 333
Trd, 000159.967, 329
Trd, 000163.717, 333
Trd, 000163.767, 332
Trd, 000165.467, 331
Trd, 000165.567, 331
Trd, 000165.817, 329
Trd, 000165.917, 329
Trd, 000166.150, 329
Trd, 000166.300, 329
Trd, 000166.733, 329
Trd, 000166.750, 328
Trd, 000167.450, 330
Trd, 000167.467, 330
Trd, 000167.650, 329
Trd, 000167.750, 328
Trd, 000167.983, 329
Trd, 000168.417, 327.0
Trd, 000169.717, 327
Trd, 000170.017, 330
Trd, 000171.533, 330
Trd, 000172.400, 331
Trd, 000174.067, 328
Trd, 000178.400, 332
Trd, 000180.417, 326
Trd, 000180.650, 327
Trd, 000180.767, 327
Trd, 000180.900, 328
Trd, 000180.950, 328
Trd, 000181.000, 326
Trd, 000181.050, 331
Trd, 000181.100, 341
Trd, 000181.333, 326
Trd, 000181.950, 333
Trd, 000182.133, 337
Trd, 000182.633, 338
Trd, 000182.817, 338
Trd, 000183.217, 338
Trd, 000183.617, 338
Trd, 000183.683, 338
Trd, 000185.717, 338
Trd, 000186.000, 337
Trd, 000188.517, 338
Trd, 000190.217, 337
Trd, 000195.450, 339
Trd, 000195.683, 338
Trd, 000195.833, 337
Trd, 000195.933, 339
Trd, 000196.267, 337
Trd, 000196.383, 338
Trd, 000196.583, 337
Trd, 000196.833, 337
Trd, 000196.883, 338
Trd, 000197.167, 337
Trd, 000197.350, 339
Trd, 000197.733, 336
Trd, 000198.033, 337
Trd, 000198.050, 339
Trd, 000199.250, 339
Trd, 000200.000, 339
Trd, 000200.183, 336
Trd, 000202.167, 340
Trd, 000204.650, 338
Trd, 000205.667, 337
Trd, 000206.050, 342
Trd, 000210.467, 347
Trd, 000210.583, 348
Trd, 000210.667, 347
Trd, 000210.700, 349
Trd, 000210.817, 347
Trd, 000211.033, 348
Trd, 000211.183, 347
Trd, 000211.483, 346
Trd, 000211.583, 346
Trd, 000211.633, 346
Trd, 000211.800, 345
Trd, 000211.883, 346
Trd, 000211.933, 347
Trd, 000212.267, 345
Trd, 000212.683, 344
Trd, 000212.967, 343
Trd, 000213.517, 342
Trd, 000213.717, 333
Trd, 000215.700, 333
Trd, 000216.467, 331
Trd, 000216.850, 333
Trd, 000218.767, 353
Trd, 000222.050, 326.0
Trd, 000222.433, 358
Trd, 000225.483, 334
Trd, 000225.550, 343
Trd, 000225.867, 336
Trd, 000226.067, 339
Trd, 000226.183, 338
Trd, 000226.300, 337
Trd, 000226.500, 336
Trd, 000226.567, 336
Trd, 000226.633, 336
Trd, 000226.667, 335
Trd, 000226.750, 337
Trd, 000226.983, 336
Trd, 000227.100, 336
Trd, 000227.517, 334
Trd, 000227.700, 335
Trd, 000227.717, 334
Trd, 000228.117, 336
Trd, 000228.433, 336
Trd, 000230.433, 333
Trd, 000230.900, 332
Trd, 000233.483, 333
Trd, 000234.950, 332
Trd, 000236.117, 335.0
Trd, 000240.533, 342
Trd, 000240.550, 338
Trd, 000240.583, 375
Trd, 000240.600, 374
Trd, 000241.083, 363
Trd, 000241.550, 359
Trd, 000241.833, 359
Trd, 000241.933, 359
Trd, 000242.017, 358
Trd, 000242.033, 358
Trd, 000242.200, 357
Trd, 000242.367, 357
Trd, 000242.517, 356
Trd, 000243.267, 354
Trd, 000243.367, 353
Trd, 000243.633, 355
Trd, 000243.933, 354
Trd, 000244.917, 353
Trd, 000247.467, 352
Trd, 000248.450, 349.0
Trd, 000252.467, 344
Trd, 000255.417, 346
Trd, 000255.717, 325
Trd, 000255.783, 301
Trd, 000255.883, 326
Trd, 000255.933, 323
Trd, 000256.117, 324
Trd, 000256.317, 311
Trd, 000256.333, 313
Trd, 000256.400, 308.0
Trd, 000256.450, 330
Trd, 000256.550, 337
Trd, 000257.000, 310.0
Trd, 000257.233, 330
Trd, 000257.400, 346
Trd, 000258.433, 319.0
Trd, 000258.650, 320
Trd, 000259.200, 319
Trd, 000259.400, 319
Trd, 000259.517, 320
Trd, 000260.600, 322
Trd, 000262.017, 335
Trd, 000268.467, 328
Trd, 000270.683, 321
Trd, 000271.100, 336.0
Trd, 000271.200, 331
Trd, 000271.267, 333
Trd, 000271.367, 332
Trd, 000271.717, 334
Trd, 000271.783, 333
Trd, 000271.983, 334.0
Trd, 000272.250, 334
Trd, 000272.283, 333
Trd, 000272.750, 334
Trd, 000273.067, 335.0
Trd, 000274.150, 335
Trd, 000274.233, 336
Trd, 000274.483, 334
Trd, 000275.717, 333
Trd, 000275.917, 333
Trd, 000276.117, 333
Trd, 000276.467, 334
Trd, 000279.733, 334
Trd, 000285.483, 328
Trd, 000285.733, 334
Trd, 000285.767, 334
Trd, 000285.783, 335
Trd, 000285.917, 334
Trd, 000286.250, 339
Trd, 000286.483, 338
Trd, 000286.583, 337
Trd, 000286.600, 334
Trd, 000286.800, 338
Trd, 000287.200, 335
Trd, 000287.467, 338
Trd, 000287.550, 336
Trd, 000287.850, 337
Trd, 000287.867, 339
Trd, 000288.417, 340
Trd, 000288.467, 344.0
Trd, 000289.533, 343
Trd, 000290.167, 336
Trd, 000291.183, 335
Trd, 000296.117, 335
