Trd, 000015.250, 315
Trd, 000015.700, 313
Trd, 000015.817, 304
Trd, 000015.983, 305
Trd, 000016.383, 320.0
Trd, 000017.467, 316
Trd, 000017.550, 316
Trd, 000017.933, 316
Trd, 000018.167, 314
Trd, 000018.200, 313
Trd, 000018.383, 312
Trd, 000019.083, 313
Trd, 000019.833, 312
Trd, 000020.017, 312
Trd, 000020.150, 312
Trd, 000021.717, 312
Trd, 000022.100, 308
Trd, 000023.600, 313
Trd, 000025.400, 308
Trd, 000030.267, 301
Trd, 000030.483, 302
Trd, 000030.567, 292
Trd, 000030.633, 297
Trd, 000030.667, 291
Trd, 000031.067, 293
Trd, 000031.167, 293
Trd, 000031.250, 294
Trd, 000031.567, 292
Trd, 000032.300, 294
Trd, 000032.533, 297
Trd, 000032.767, 293
Trd, 000032.800, 300
Trd, 000032.950, 293.0
Trd, 000033.133, 293
Trd, 000034.067, 301
Trd, 000036.350, 306.0
Trd, 000036.650, 301
Trd, 000045.033, 312
Trd, 000045.200, 306
Trd, 000045.300, 305
Trd, 000045.617, 308
Trd, 000045.650, 312
Trd, 000045.850, 306
Trd, 000045.917, 313
Trd, 000045.933, 314
Trd, 000046.667, 310
Trd, 000047.033, 310
Trd, 000047.217, 309
Trd, 000047.667, 309
Trd, 000047.833, 307
Trd, 000048.650, 309
Trd, 000049.200, 308
Trd, 000049.783, 307
Trd, 000049.817, 309
Trd, 000051.117, 306
Trd, 000051.683, 297
Trd, 000052.167, 308
Trd, 000053.683, 315
Trd, 000060.317, 307
Trd, 000061.000, 309
Trd, 000061.167, 310
Trd, 000061.400, 310
Trd, 000061.683, 309
Trd, 000061.833, 309
Trd, 000062.350, 308
Trd, 000062.567, 308
Trd, 000062.633, 309
Trd, 000062.717, 308
Trd, 000063.250, 307
Trd, 000063.967, 308
Trd, 000064.383, 307
Trd, 000064.483, 305
Trd, 000064.833, 305
Trd, 000066.217, 304
Trd, 000067.200, 297
Trd, 000067.483, 305
Trd, 000070.433, 311.0
Trd, 000075.617, 305
Trd, 000075.717, 305
Trd, 000075.833, 304
Trd, 000076.183, 306
Trd, 000076.433, 307
Trd, 000076.567, 307
Trd, 000076.633, 307
Trd, 000076.767, 306
Trd, 000076.917, 306
Trd, 000077.000, 307
Trd, 000077.067, 305
Trd, 000077.583, 308.0
Trd, 000078.100, 308
Trd, 000079.683, 307
Trd, 000080.900, 311
Trd, 000082.483, 305
Trd, 000083.617, 303
Trd, 000085.817, 300
Trd, 000087.933, 312
Trd, 000088.883, 315
Trd, 000090.267, 300
Trd, 000090.617, 281
Trd, 000090.733, 282
Trd, 000090.800, 292
Trd, 000091.283, 291
Trd, 000091.317, 292
Trd, 000091.700, 293
Trd, 000092.017, 293
Trd, 000092.067, 294
Trd, 000092.383, 294
Trd, 000092.450, 294
Trd, 000092.650, 295
Trd, 000092.733, 294
Trd, 000094.517, 295
Trd, 000095.667, 300
Trd, 000097.067, 301
Trd, 000098.333, 301
Trd, 000099.950, 309.0
Trd, 000102.517, 316
Trd, 000105.417, 315
Trd, 000105.517, 325
Trd, 000105.633, 316
Trd, 000105.800, 315
Trd, 000105.850, 315
Trd, 000106.000, 314.0
Trd, 000106.083, 315
Trd, 000106.683, 314
Trd, 000106.967, 314
Trd, 000107.100, 313.0
Trd, 000107.383, 314
Trd, 000108.367, 314
Trd, 000108.533, 313.0
Trd, 000109.200, 312.0
Trd, 000109.217, 313
Trd, 000109.317, 311.0
Trd, 000110.800, 310
Trd, 000112.083, 298
Trd, 000114.517, 297
Trd, 000118.283, 313
Trd, 000120.917, 314
Trd, 000121.067, 313
Trd, 000121.350, 313
Trd, 000121.383, 312
Trd, 000121.733, 312
Trd, 000121.800, 311
Trd, 000121.967, 311
Trd, 000122.083, 312
Trd, 000122.117, 311
Trd, 000122.217, 311.0
Trd, 000122.483, 312
Trd, 000123.217, 313
Trd, 000123.800, 310.0
Trd, 000124.283, 309
Trd, 000124.583, 309
Trd, 000124.833, 296
Trd, 000125.383, 294.0
Trd, 000126.433, 302
Trd, 000127.117, 305
Trd, 000127.367, 306
Trd, 000129.567, 309
Trd, 000135.383, 266
Trd, 000135.650, 298
Trd, 000136.017, 300
Trd, 000136.133, 308
Trd, 000136.317, 301
Trd, 000136.367, 300
Trd, 000136.750, 301
Trd, 000136.867, 303
Trd, 000137.417, 303
Trd, 000137.450, 302
Trd, 000137.567, 301
Trd, 000139.067, 303
Trd, 000139.167, 302
Trd, 000139.533, 303
Trd, 000139.617, 300
Trd, 000140.733, 299
Trd, 000141.767, 308.0
Trd, 000142.083, 300
Trd, 000142.250, 310
Trd, 000148.800, 312
Trd, 000150.383, 300
Trd, 000150.517, 301
Trd, 000150.533, 307
Trd, 000150.767, 305
Trd, 000151.050, 304
Trd, 000151.100, 305
Trd, 000151.217, 308
Trd, 000151.767, 308
Trd, 000151.850, 309
Trd, 000152.017, 311
Trd, 000152.117, 306
Trd, 000152.233, 305
Trd, 000153.700, 306
Trd, 000154.283, 305
Trd, 000157.217, 304
Trd, 000157.717, 305
Trd, 000159.967, 304
Trd, 000161.433, 307
Trd, 000163.900, 305
Trd, 000165.433, 303
Trd, 000165.633, 299
Trd, 000166.033, 304
Trd, 000166.167, 304
Trd, 000166.583, 304
Trd, 000166.667, 304
Trd, 000166.850, 304
Trd, 000167.167, 304
Trd, 000167.683, 304
Trd, 000167.900, 303
Trd, 000168.117, 304
Trd, 000168.750, 305
Trd, 000169.250, 303
Trd, 000169.733, 306
Trd, 000169.917, 306.0
Trd, 000170.267, 306
Trd, 000170.617, 305
Trd, 000174.533, 307
Trd, 000175.150, 305
Trd, 000175.383, 313
Trd, 000180.333, 310
Trd, 000180.450, 306
Trd, 000180.800, 278
Trd, 000181.167, 287
Trd, 000181.383, 291
Trd, 000181.483, 290
Trd, 000181.667, 290
Trd, 000181.800, 290
Trd, 000181.850, 291
Trd, 000181.950, 291
Trd, 000182.567, 290
Trd, 000183.167, 291
Trd, 000183.367, 294
Trd, 000184.967, 297
Trd, 000185.400, 300
Trd, 000189.983, 306.0
Trd, 000191.183, 299
Trd, 000193.367, 310
Trd, 000195.717, 304
Trd, 000195.917, 304
Trd, 000196.167, 306
Trd, 000196.183, 305
Trd, 000196.300, 306
Trd, 000196.783, 306
Trd, 000196.850, 306
Trd, 000197.067, 307
Trd, 000197.467, 307
Trd, 000197.867, 307
Trd, 000198.200, 306
Trd, 000198.583, 306
Trd, 000199.017, 305
Trd, 000199.950, 304
Trd, 000200.067, 302
Trd, 000201.217, 299
Trd, 000201.617, 296
Trd, 000202.500, 303
Trd, 000202.700, 310.0
Trd, 000203.667, 294.0
Trd, 000204.383, 311
Trd, 000209.167, 320.0
Trd, 000210.533, 275
Trd, 000210.617, 292
Trd, 000210.833, 303.0
Trd, 000211.317, 297
Trd, 000211.467, 298
Trd, 000211.700, 300
Trd, 000211.950, 301
Trd, 000212.300, 300
Trd, 000212.400, 301.0
Trd, 000212.533, 302.0
Trd, 000212.750, 303.0
Trd, 000212.900, 301
Trd, 000213.533, 301
Trd, 000214.367, 302
Trd, 000214.733, 301
Trd, 000215.733, 303
Trd, 000218.933, 303
Trd, 000225.783, 297
Trd, 000225.983, 301
Trd, 000226.200, 300
Trd, 000226.333, 300
Trd, 000226.350, 301
Trd, 000226.433, 301
Trd, 000226.800, 302
Trd, 000227.533, 303
Trd, 000228.067, 303
Trd, 000228.183, 303
Trd, 000228.350, 300
Trd, 000228.433, 302
Trd, 000228.617, 305
Trd, 000229.783, 300
Trd, 000231.167, 300
Trd, 000231.950, 305
Trd, 000233.867, 306.0
Trd, 000234.783, 300
Trd, 000236.417, 299
Trd, 000239.500, 310
Trd, 000240.650, 302
Trd, 000240.883, 301
Trd, 000241.150, 303
Trd, 000241.233, 303
Trd, 000241.400, 302
Trd, 000241.500, 302
Trd, 000241.717, 303
Trd, 000241.983, 303
Trd, 000242.033, 304
Trd, 000242.400, 301
Trd, 000242.983, 301
Trd, 000243.617, 305
Trd, 000244.483, 306
Trd, 000246.183, 304
Trd, 000247.767, 303
Trd, 000249.417, 304
Trd, 000253.517, 306
Trd, 000254.450, 304
Trd, 000255.550, 306
Trd, 000255.767, 298
Trd, 000255.883, 306
Trd, 000256.717, 308
Trd, 000256.817, 308
Trd, 000257.050, 309
Trd, 000257.183, 309.0
Trd, 000257.250, 306
Trd, 000257.433, 310.0
Trd, 000257.867, 307
Trd, 000259.467, 309
Trd, 000259.500, 311
Trd, 000259.567, 307
Trd, 000260.650, 306
Trd, 000260.817, 306
Trd, 000261.483, 306
Trd, 000264.167, 310
Trd, 000269.367, 307
Trd, 000270.533, 308
Trd, 000270.550, 307
Trd, 000270.800, 308
Trd, 000271.250, 308
Trd, 000271.350, 307
Trd, 000271.433, 308
Trd, 000271.583, 306
Trd, 000272.000, 307
Trd, 000272.100, 306
Trd, 000272.283, 308
Trd, 000272.833, 307
Trd, 000273.133, 306
Trd, 000273.717, 308
Trd, 000273.917, 304
Trd, 000275.050, 308
Trd, 000275.133, 310
Trd, 000276.567, 305
Trd, 000283.550, 305
Trd, 000284.183, 304
Trd, 000285.667, 307
Trd, 000285.700, 311
Trd, 000286.100, 306
Trd, 000286.233, 306
Trd, 000286.500, 307
Trd, 000286.733, 308
Trd, 000287.333, 307
Trd, 000287.350, 308
Trd, 000287.467, 306
Trd, 000287.600, 307
Trd, 000287.850, 305
Trd, 000288.333, 305
Trd, 000289.517, 306
Trd, 000291.367, 305
Trd, 000292.433, 304
Trd, 000295.300, 306.0
Trd, 000295.617, 304
Trd, 000299.067, 306
